<?xml version="1.0" encoding="UTF-8"?><record xmlns="http://www.loc.gov/MARC21/slim" xmlns:cinclude="http://apache.org/cocoon/include/1.0" xmlns:zs="http://www.loc.gov/zing/srw/">
  <leader>00889cz  a2200205n  4500</leader>
  <controlfield tag="001">n  81002721 </controlfield>
  <controlfield tag="003">DLC</controlfield>
  <controlfield tag="005">20150821001524.0</controlfield>
  <controlfield tag="008">810107n| azannaabn          |a ana      </controlfield>
  <datafield tag="010" ind1=" " ind2=" ">
    <subfield code="a">n  81002721 </subfield>
    <subfield code="z">n  80165031 </subfield>
  </datafield>
  <datafield tag="040" ind1=" " ind2=" ">
    <subfield code="a">DLC</subfield>
    <subfield code="b">eng</subfield>
    <subfield code="e">rda</subfield>
    <subfield code="c">DLC</subfield>
    <subfield code="d">DLC</subfield>
    <subfield code="d">DLC-S</subfield>
    <subfield code="d">DLC</subfield>
  </datafield>
  <datafield tag="110" ind1="2" ind2=" ">
    <subfield code="a">Institut Pasteur de Madagascar</subfield>
  </datafield>
  <datafield tag="410" ind1="2" ind2=" ">
    <subfield code="a">Institut Pasteur (Antananarivo, Antananarivo, Madagascar)</subfield>
  </datafield>
  <datafield tag="410" ind1="1" ind2=" ">
    <subfield code="w">nnaa</subfield>
    <subfield code="a">Tananarive, Malagasy Republic.</subfield>
    <subfield code="b">Institut Pasteur de Madagascar</subfield>
  </datafield>
  <datafield tag="410" ind1="2" ind2=" ">
    <subfield code="a">I.P.M.</subfield>
  </datafield>
  <datafield tag="510" ind1="2" ind2=" ">
    <subfield code="w">a</subfield>
    <subfield code="a">Institut Pasteur de Tananarive</subfield>
  </datafield>
  <datafield tag="670" ind1=" " ind2=" ">
    <subfield code="a">Archives de l'Institut Pasteur de Madagascar, année 1954:</subfield>
    <subfield code="b">t.p.</subfield>
  </datafield>
  <datafield tag="670" ind1=" " ind2=" ">
    <subfield code="a">World of learning, 1979-80</subfield>
    <subfield code="b">(Institut Pasteur, Antananarivo; f. 1898)</subfield>
  </datafield>
  <datafield tag="670" ind1=" " ind2=" ">
    <subfield code="a">Rapport d'inventaire de la Bibliothèque ... 1989?:</subfield>
    <subfield code="b">t.p. (Institut Pasteur de Madagascar (I.P.M.))</subfield>
  </datafield>
  <datafield tag="675" ind1=" " ind2=" ">
    <subfield code="a">Archives de l'Institut Pasteur de Tananarive, année 1935: t.p.</subfield>
  </datafield>
</record>